@techreport{KJRB202306260042,
title = {'What safety functions should deep-sea submersible have'},
author = {Jiaxin Zhang},
institution = {'Science and Technology Daily'},
year = {2023-06-26}
}    

@article{Kirin,
title={"Kirin" crawling hybrid unmanned submersible development},
author={Hong Chen and Xin Liangwang and Zhi Liu and Mazhe Song},
organization={719th Research Institute of China State Shipbuilding Corporation Limited},
journal={Scientific and Technological Achievements Management and Research},
year={2022},
volume={17},
number={1},
pages={56-57},
month={1},
}